@ARTICLE{DOA_Kalman_RQRDRLS,
  author={Gu, Jian-Feng and Chan, S. C. and Zhu, Wei-Ping and Swamy, M. N. S.},
  journal={IEEE Transactions on Circuits and Systems II: Express Briefs}, 
  title={Joint DOA Estimation and Source Signal Tracking With Kalman Filtering and Regularized QRD RLS Algorithm}, 
  year={2013},
  volume={60},
  number={1},
  pages={46-50},
  keywords={Direction-of-arrival estimation;Estimation;Arrays;Sensors;Vectors;Target tracking;Kalman filters;Autoregressive (AR) model;direction-of-arrival (DOA) estimation and tracking;Kalman filter (KF);QR-decomposition;recursive least square (RLS)},
  doi={10.1109/TCSII.2012.2234874}}


@INPROCEEDINGS{RQRD_RLS_ALG,
  author={Zhang, Z. G. and Chan, S. C. and Zhou, Y. and Hu, Y.},
  booktitle={2009 IEEE International Symposium on Circuits and Systems (ISCAS)}, 
  title={Robust linear estimation using M-estimation and weighted L1 regularization: Model selection and recursive implementation}, 
  year={2009},
  volume={},
  number={},
  pages={1193-1196},
  keywords={Robustness;Recursive estimation;Working environment noise;Linear regression;Additive noise;Arithmetic;Orthopedic surgery;Proposals;Performance evaluation;Signal design},
  doi={10.1109/ISCAS.2009.5117975}}

@ARTICLE{PAST,
  author={Bin Yang},
  journal={IEEE Transactions on Signal Processing}, 
  title={Projection approximation subspace tracking}, 
  year={1995},
  volume={43},
  number={1},
  pages={95-107},
  keywords={Signal processing algorithms;Least squares approximation;Eigenvalues and eigenfunctions;Direction of arrival estimation;Frequency estimation;Jacobian matrices;Matrix decomposition;Computational complexity;Signal processing;Computational modeling},
  doi={10.1109/78.365290}}
